[gd_scene load_steps=11 format=3 uid="uid://s0bmslpu8lde"]

[ext_resource type="Script" path="res://root.gd" id="1_g8b57"]
[ext_resource type="CompressedTexture3D" uid="uid://dd0fea2olrfgo" path="res://lut.png" id="2_7xjdm"]
[ext_resource type="PackedScene" uid="uid://dcpyx2nv64wuv" path="res://cam.tscn" id="2_82vwa"]

[sub_resource type="ProceduralSkyMaterial" id="ProceduralSkyMaterial_eji08"]
sky_top_color = Color(0.556863, 0.568627, 0.607843, 1)
sky_horizon_color = Color(0.647059, 0.654902, 0.670588, 1)

[sub_resource type="Sky" id="Sky_b5xy0"]
sky_material = SubResource("ProceduralSkyMaterial_eji08")

[sub_resource type="Environment" id="Environment_lslsl"]
background_mode = 2
background_color = Color(0.505882, 0.505882, 0.505882, 1)
sky = SubResource("Sky_b5xy0")
ambient_light_source = 3
ambient_light_color = Color(0.490196, 0.490196, 0.490196, 1)
adjustment_color_correction = ExtResource("2_7xjdm")

[sub_resource type="StandardMaterial3D" id="StandardMaterial3D_fkrv3"]
albedo_color = Color(1, 0.333333, 0.447059, 1)

[sub_resource type="BoxMesh" id="BoxMesh_datg1"]
material = SubResource("StandardMaterial3D_fkrv3")
size = Vector3(1000, 1, 1)

[sub_resource type="StandardMaterial3D" id="StandardMaterial3D_fjoop"]
albedo_color = Color(0.117647, 0.301961, 1, 1)

[sub_resource type="BoxMesh" id="BoxMesh_i7l8t"]
material = SubResource("StandardMaterial3D_fjoop")
size = Vector3(1, 1, 1000)

[node name="Root" type="Node3D"]
script = ExtResource("1_g8b57")

[node name="WorldEnvironment" type="WorldEnvironment" parent="."]
environment = SubResource("Environment_lslsl")

[node name="DsuInterface" type="DsuInterface" parent="."]

[node name="CamBase" parent="." instance=ExtResource("2_82vwa")]

[node name="Red" type="MeshInstance3D" parent="."]
mesh = SubResource("BoxMesh_datg1")

[node name="Blu" type="MeshInstance3D" parent="."]
transform = Transform3D(1, 0, 0, 0, 1, 0, 0, 0, 1, 0, -0.0114288, 0)
mesh = SubResource("BoxMesh_i7l8t")

[node name="DirectionalLight3D" type="DirectionalLight3D" parent="."]
transform = Transform3D(0.672444, -0.523363, 0.523363, 0, 0.707107, 0.707107, -0.740148, -0.47549, 0.47549, 0, 4.34511, 0)
visible = false
shadow_enabled = true
directional_shadow_max_distance = 250.0

[connection signal="resource_loaded" from="DsuInterface" to="." method="_on_dsu_interface_resource_loaded"]
